@article{subasi2015evaluation,
  title={Evaluation of the musculoskeletal system symptoms among office workers and assessment of the risk factors in the office work environment},
  author={Subasi, F and Paskal, S},
  journal={Physiotherapy},
  volume={101},
  pages={e1451--e1452},
  year={2015},
  publisher={Elsevier}
}

@article{hush2006risk,
  title={Risk factors for neck pain in office workers: a prospective study},
  author={Hush, Julia M and Maher, Chris G and Refshauge, Kathryn M},
  journal={BMC musculoskeletal disorders},
  volume={7},
  number={1},
  pages={81},
  year={2006},
  publisher={BioMed Central}
  }

@article{sadeghian2012persistent,
  title={Persistent Neck and Shoulder Pains among Computer Office Workers: A Longitudinal Study},
  author={Sadeghian, Farideh and Raei, Mehdi and Amiri, Mohammad},
  journal={Archives of Hygiene Sciences},
  volume={1},
  number={2},
  pages={33--40},
  year={2012},
  publisher={Archives of Hygiene Sciences}
  }

@article{o2011association,
  title={Association of biopsychosocial factors with degree of slump in sitting posture and self-report of back pain in adolescents: a cross-sectional study},
  author={O'Sullivan, Peter B and Smith, Anne J and Beales, Darren J and Straker, Leon M},
  journal={Physical Therapy},
  volume={91},
  number={4},
  pages={470--483},
  year={2011},
  publisher={Oxford University Press}
}

@article{falla2007effect,
  title={Effect of neck exercise on sitting posture in patients with chronic neck pain},
  author={Falla, Deborah and Jull, Gwendolen and Russell, Trevor and Vicenzino, Bill and Hodges, Paul},
  journal={Physical therapy},
  volume={87},
  number={4},
  pages={408--417},
  year={2007},
  publisher={Oxford University Press}
}

@article{steffens2016prevention,
  title={Prevention of low back pain: a systematic review and meta-analysis},
  author={Steffens, Daniel and Maher, Chris G and Pereira, Leani SM and Stevens, Matthew L and Oliveira, Vinicius C and Chapple, Meredith and Teixeira-Salmela, Luci F and Hancock, Mark J},
  journal={JAMA internal medicine},
  volume={176},
  number={2},
  pages={199--208},
  year={2016},
  publisher={American Medical Association}
}

@article{ruivo2017effects,
  title={Effects of a Resistance and Stretching Training Program on Forward Head and Protracted Shoulder Posture in Adolescents},
  author={Ruivo, Rodrigo Miguel and Pezarat-Correia, Pedro and Carita, Ana Isabel},
  journal={Journal of manipulative and physiological therapeutics},
  volume={40},
  number={1},
  pages={1--10},
  year={2017},
  publisher={Elsevier}
}

@article{greenwood2015motivators,
  title={Motivators and barriers to reducing sedentary behavior among overweight and obese older adults},
  author={Greenwood-Hickman, Mikael Anne and Renz, Anne and Rosenberg, Dori E},
  journal={The Gerontologist},
  volume={56},
  number={4},
  pages={660--668},
  year={2015},
  publisher={Oxford University Press US}
}


@article{mailey2016overcoming,
  title={Overcoming barriers to exercise among parents: a social cognitive theory perspective},
  author={Mailey, Emily L and Phillips, Siobhan M and Dlugonski, Deirdre and Conroy, David E},
  journal={Journal of behavioral medicine},
  volume={39},
  number={4},
  pages={599--609},
  year={2016},
  publisher={Springer}
}

@article{sechrist1987development,
  title={Development and psychometric evaluation of the exercise benefits/barriers scale},
  author={Sechrist, Karen R and Walker, Susan Noble and Pender, Nola J},
  journal={Research in nursing \& health},
  volume={10},
  number={6},
  pages={357--365},
  year={1987},
  publisher={Wiley Online Library}
}


@article{winett2001potential,
  title={Potential health-related benefits of resistance training},
  author={Winett, Richard A and Carpinelli, Ralph N},
  journal={Preventive medicine},
  volume={33},
  number={5},
  pages={503--513},
  year={2001},
  publisher={Elsevier}
}
@misc{activaided,
    author = {Activaided},
    title = {Posture: The Good, The Bad, The Ugly},
    year = {2015},
    url = {http://activaided.com/blog/correct-posture},
    note = {[Online; accessed 01-January-2018]"}
}
@article{videman1997lifetime,
  title={Lifetime exercise and disk degeneration: an MRI study of monozygotic twins.},
  author={Videman, Tapio and Batti{\'e}, MICHELE C and Gibbons, Laura E and Manninen, Hannu and Gill, Kevin and Fisher, LLOYD D and Koskenvuo, MARKKU},
  journal={Medicine and science in sports and exercise},
  volume={29},
  number={10},
  pages={1350--1356},
  year={1997}
}

@article{cortell2017influence,
  title={Influence of scapular position on the core musculature activation in the prone plank exercise},
  author={Cortell-Tormo, Juan M and Garc{\'\i}a-Ja{\'e}n, Miguel and Chulvi-Medrano, Iv{\'a}n and Hern{\'a}ndez-S{\'a}nchez, Sergio and Lucas-Cuevas, {\'A}ngel G and Tortosa-Mart{\'\i}nez, Juan},
  journal={The Journal of Strength \& Conditioning Research},
  volume={31},
  number={8},
  pages={2255--2262},
  year={2017},
  publisher={LWW}
}




@article{wong2008detecting,
  title={Detecting spinal posture change in sitting positions with tri-axial accelerometers},
  author={Wong, Wai Yin and Wong, Man Sang},
  journal={Gait \& Posture},
  volume={27},
  number={1},
  pages={168--171},
  year={2008},
  publisher={Elsevier}
}

@article{voinea2016measurement,
  title={Measurement and Geometric Modelling of Human Spine Posture for Medical Rehabilitation Purposes Using a Wearable Monitoring System Based on Inertial Sensors},
  author={Voinea, Gheorghe-Daniel and Butnariu, Silviu and Mogan, Gheorghe},
  journal={Sensors},
  volume={17},
  number={1},
  pages={0003},
  year={2016},
  publisher={Multidisciplinary Digital Publishing Institute}
}

@article{wong2008smart,
  title={Smart garment for trunk posture monitoring: A preliminary study},
  author={Wong, Wai Yin and Wong, Man Sang},
  journal={Scoliosis},
  volume={3},
  number={1},
  pages={7},
  year={2008},
  publisher={BioMed Central}
}

@article{sardini2015wireless,
  title={Wireless wearable T-shirt for posture monitoring during rehabilitation exercises},
  author={Sardini, Emilio and Serpelloni, Mauro and Pasqui, Viviane},
  journal={IEEE Transactions on Instrumentation and Measurement},
  volume={64},
  number={2},
  pages={439--448},
  year={2015},
  publisher={IEEE}
}

@article{papi2017wearable,
  title={Wearable technology for spine movement assessment: A systematic review},
  author={Papi, Enrica and Koh, Woon Senn and McGregor, Alison H},
  journal={Journal of biomechanics},
  volume={64},
  pages={186--197},
  year={2017},
  publisher={Elsevier}
}

@article{bethea2004application,
  title={Application of haptic feedback to robotic surgery},
  author={Bethea, Brian T and Okamura, Allison M and Kitagawa, Masaya and Fitton, Torin P and Cattaneo, Stephen M and Gott, Vincent L and Baumgartner, William A and Yuh, David D},
  journal={Journal of Laparoendoscopic \& Advanced Surgical Techniques},
  volume={14},
  number={3},
  pages={191--195},
  year={2004},
  publisher={Mary Ann Liebert, Inc.}
}

@article{cuartielles2012mobile,
  title={Mobile haptic technology development through artistic exploration},
  author={Cuartielles, David and G{\"o}ransson, Andreas and Olsson, Tony and Stenslie, St{\aa}le},
  journal={Haptic and Audio Interaction Design},
  pages={31--40},
  year={2012},
  publisher={Springer}
}

@article{immonen2008haptics,
  title={Haptics in military applications},
  author={Immonen, Lauri},
  journal={Diss. University of Tampere (December 2008)},
  year={2008}
}


@inproceedings{goodrich2004learning,
  title={Learning haptic feedback for guiding driver behavior},
  author={Goodrich, Michael A and Quigley, Morgan},
  booktitle={Systems, Man and Cybernetics, 2004 IEEE International Conference on},
  volume={3},
  pages={2507--2512},
  year={2004},
  organization={IEEE}
}


@inproceedings{hannaford2004proceedings,
  title={Proceedings-12th International Symposium on Haptic Interfaces for Virtual Environment and Teleoperator Systems},
  author={Hannaford, Blake and Tan, Hong},
  booktitle={Proceedings-12th International Symposium on Haptic Interfaces for Virtual Environment and Teleoperator Systems, HAPTICS 2004},
  year={2004}
}

@inproceedings{ferber2007using,
  title={Using haptic communications with the leg to maintain exercise intensity},
  author={Ferber, Aaron R and Peshkin, Michael and Colgate, J Edward},
  booktitle={Robot and Human interactive Communication, 2007. RO-MAN 2007. The 16th IEEE International Symposium on},
  pages={292--297},
  year={2007},
  organization={IEEE}
}

@inproceedings{alizadeh2014haptics,
  title={Haptics in remote collaborative exercise systems for seniors},
  author={Alizadeh, Hesam and Tang, Richard and Sharlin, Ehud and Tang, Anthony},
  booktitle={CHI'14 Extended Abstracts on Human Factors in Computing Systems},
  pages={2401--2406},
  year={2014},
  organization={ACM},
   publisher={Springer}
}

@inproceedings{zheng2010vibrotactile,
  title={A vibrotactile feedback approach to posture guidance},
  author={Zheng, Ying and Morrell, John B},
  booktitle={Haptics Symposium, 2010 IEEE},
  pages={351--358},
  year={2010},
  organization={IEEE},
   publisher={Springer}
}